@article{ding2015adjust,
  title={To adjust or not to adjust? Sensitivity analysis of M-bias and butterfly-bias},
  author={Ding, Peng and Miratrix, Luke W},
  journal={Journal of Causal Inference},
  volume={3},
  number={1},
  pages={41--57},
  year={2015}
}
@article{liu2012implications,
  title={Implications of M bias in epidemiologic studies: a simulation study},
  author={Liu, Wei and Brookhart, M Alan and Schneeweiss, Sebastian and Mi, Xiaojuan and Setoguchi, Soko},
  journal={American journal of epidemiology},
  volume={176},
  number={10},
  pages={938--948},
  year={2012},
  publisher={Oxford Univ Press}
}
@ARTICLE{greenland2003qbc,
  author = {Greenland, S.},
  title = {{Quantifying biases in causal models: classical confounding vs. collider-stratification
    bias}},
  journal = {Epidemiology},
  year = {2003},
  volume = {14},
  pages = {300--6},
  number = {3}
}

@article{pearl2009letter,
  title={Remarks on the method of propensity score},
  author={Pearl, Judea},
  journal={Statistics in Medicine},
  volume={28},
  number={9},
  pages={1415--1416},
  year={2009},
  publisher={Wiley Online Library}
}


@article{sjolander2009propensity,
  title={Propensity scores and M-structures},
  author={Sj{\"o}lander, Arvid},
  journal={Statistics in medicine},
  volume={28},
  number={9},
  pages={1416--1420},
  year={2009},
  publisher={Wiley Online Library}
}

@article{cinarZubizarreta2016,
  title={Maximizing the Information Content of a Balanced Matched Sample in a Study of the Economic Performance of Green Buildings},
  author={Cinar, Kilcioglu and Zubizarreta, Jos{\'e} R},
  journal={Annals of Applied Statistics},
  year={2016},
  note={in press}
}

@article{ranger,
  title={ranger: A fast implementation of random forests for high dimensional data in C++ and R},
  author={Wright, Marvin N and Ziegler, Andreas},
  journal={arXiv preprint arXiv:1508.04409},
  year={2015}
}